@article{rezende2014stochastic,
  title={Stochastic backpropagation and approximate inference in deep generative models},
  author={Rezende, Danilo Jimenez and Mohamed, Shakir and Wierstra, Daan},
  journal={arXiv preprint arXiv:1401.4082},
  year={2014}
}

@inproceedings{kingma2015variational,
  title={Variational dropout and the local reparameterization trick},
  author={Kingma, Durk P and Salimans, Tim and Welling, Max},
  booktitle={Advances in Neural Information Processing Systems},
  pages={2575--2583},
  year={2015}
}

@article{hill2016learning,
  title={Learning to understand phrases by embedding the dictionary},
  author={Hill, Felix and Cho, Kyunghyun and Korhonen, Anna and Bengio, Yoshua},
  journal={Transactions of the Association for Computational Linguistics},
  volume={4},
  pages={17--30},
  year={2016},
  publisher={MIT Press}
}

@article{pinter2017mimicking,
  title={Mimicking word embeddings using subword rnns},
  author={Pinter, Yuval and Guthrie, Robert and Eisenstein, Jacob},
  journal={arXiv preprint arXiv:1707.06961},
  year={2017}
}

@inproceedings{zhou2016attention,
  title={Attention-based bidirectional long short-term memory networks for relation classification},
  author={Zhou, Peng and Shi, Wei and Tian, Jun and Qi, Zhenyu and Li, Bingchen and Hao, Hongwei and Xu, Bo},
  booktitle={Proceedings of the 54th Annual Meeting of the Association for Computational Linguistics (Volume 2: Short Papers)},
  pages={207--212},
  year={2016}
}

@article{collobert2011natural,
  title={Natural language processing (almost) from scratch},
  author={Collobert, Ronan and Weston, Jason and Bottou, L{\'e}on and Karlen, Michael and Kavukcuoglu, Koray and Kuksa, Pavel},
  journal={Journal of machine learning research},
  volume={12},
  number={Aug},
  pages={2493--2537},
  year={2011}
}

@inproceedings{koehn2003statistical,
  title={Statistical phrase-based translation},
  author={Koehn, Philipp and Och, Franz Josef and Marcu, Daniel},
  booktitle={Proceedings of the 2003 Conference of the North American Chapter of the Association for Computational Linguistics on Human Language Technology-Volume 1},
  pages={48--54},
  year={2003},
  organization={Association for Computational Linguistics}
}

%embedding
%%%%%%%%%%%%%%%%%%%%%%%%%%%%%%%%%%%%%%%%%%%%%%%%%%%%%% 
@article{merity2016pointer,
  title={Pointer sentinel mixture models},
  author={Merity, Stephen and Xiong, Caiming and Bradbury, James and Socher, Richard},
  journal={arXiv preprint arXiv:1609.07843},
  year={2016}
}

@article{williams2017broad,
  title={A broad-coverage challenge corpus for sentence understanding through inference},
  author={Williams, Adina and Nangia, Nikita and Bowman, Samuel R},
  journal={arXiv preprint arXiv:1704.05426},
  year={2017}
}

@article{wang2018glue,
  title={Glue: A multi-task benchmark and analysis platform for natural language understanding},
  author={Wang, Alex and Singh, Amapreet and Michael, Julian and Hill, Felix and Levy, Omer and Bowman, Samuel R},
  journal={arXiv preprint arXiv:1804.07461},
  year={2018}
}

@article{jang2016categorical,
  title={Categorical reparameterization with gumbel-softmax},
  author={Jang, Eric and Gu, Shixiang and Poole, Ben},
  journal={arXiv preprint arXiv:1611.01144},
  year={2016}
}

@inproceedings{maddison2014sampling,
  title={A* sampling},
  author={Maddison, Chris J and Tarlow, Daniel and Minka, Tom},
  booktitle={Advances in Neural Information Processing Systems},
  pages={3086--3094},
  year={2014}
}

@book{gumbel1954statistical,
  title={Statistical theory of extreme values and some practical applications: a series of lectures},
  author={Gumbel, Emil Julius},
  volume={33},
  year={1954},
  publisher={US Government Printing Office}
}

@inproceedings{molchanov2016dropout,
  title={Dropout-based automatic relevance determination},
  author={Molchanov, Dmitry and Ashuha, Arseniy and Vetrov, Dmitry},
  booktitle={Bayesian Deep Learning workshop, NIPS},
  year={2016}
}

@article{chen2019large,
  title={How Large a Vocabulary Does Text Classification Need? A Variational Approach to Vocabulary Selection},
  author={Chen, Wenhu and Su, Yu and Shen, Yilin and Chen, Zhiyu and Yan, Xifeng and Wang, William},
  journal={arXiv preprint arXiv:1902.10339},
  year={2019}
}

@article{jang2016categorical,
  title={Categorical reparameterization with gumbel-softmax},
  author={Jang, Eric and Gu, Shixiang and Poole, Ben},
  journal={arXiv preprint arXiv:1611.01144},
  year={2016}
}

@inproceedings{ranganath2014black,
  title={Black box variational inference},
  author={Ranganath, Rajesh and Gerrish, Sean and Blei, David},
  booktitle={Artificial Intelligence and Statistics},
  pages={814--822},
  year={2014}
}


@phdthesis{gal2016uncertainty,
  title={Uncertainty in deep learning},
  author={Gal, Yarin},
  year={2016},
  school={PhD thesis, University of Cambridge}
}


@article{devlin2018bert,
  title={Bert: Pre-training of deep bidirectional transformers for language understanding},
  author={Devlin, Jacob and Chang, Ming-Wei and Lee, Kenton and Toutanova, Kristina},
  journal={arXiv preprint arXiv:1810.04805},
  year={2018}
}

@inproceedings{vaswani2017attention,
  title={Attention is all you need},
  author={Vaswani, Ashish and Shazeer, Noam and Parmar, Niki and Uszkoreit, Jakob and Jones, Llion and Gomez, Aidan N and Kaiser, {\L}ukasz and Polosukhin, Illia},
  booktitle={Advances in neural information processing systems},
  pages={5998--6008},
  year={2017}
}

@inproceedings{turian2010word,
  title={Word representations: a simple and general method for semi-supervised learning},
  author={Turian, Joseph and Ratinov, Lev and Bengio, Yoshua},
  booktitle={Proceedings of the 48th annual meeting of the association for computational linguistics},
  pages={384--394},
  year={2010},
  organization={Association for Computational Linguistics}
}

@inproceedings{mikolov2013distributed,
  title={Distributed representations of words and phrases and their compositionality},
  author={Mikolov, Tomas and Sutskever, Ilya and Chen, Kai and Corrado, Greg S and Dean, Jeff},
  booktitle={Advances in neural information processing systems},
  pages={3111--3119},
  year={2013}
}

@inproceedings{levy2014dependency,
  title={Dependency-based word embeddings},
  author={Levy, Omer and Goldberg, Yoav},
  booktitle={Proceedings of the 52nd Annual Meeting of the Association for Computational Linguistics (Volume 2: Short Papers)},
  volume={2},
  pages={302--308},
  year={2014}
}

@article{faruqui2014retrofitting,
  title={Retrofitting word vectors to semantic lexicons},
  author={Faruqui, Manaal and Dodge, Jesse and Jauhar, Sujay K and Dyer, Chris and Hovy, Eduard and Smith, Noah A},
  journal={arXiv preprint arXiv:1411.4166},
  year={2014}
}

@inproceedings{pennington2014glove,
  title={Glove: Global vectors for word representation},
  author={Pennington, Jeffrey and Socher, Richard and Manning, Christopher},
  booktitle={Proceedings of the 2014 conference on empirical methods in natural language processing (EMNLP)},
  pages={1532--1543},
  year={2014}
}

@article{hill2015dictionary,
  title={Learning to understand phrases by embedding the dictionary},
  author={Hill, Felix and Cho, Kyunghyun and Korhonen, Anna and Bengio, Yoshua},
  journal={arXiv preprint arXiv:1504.00548},
  year={2015}
}

@article{neelakantan2015efficient,
  title={Efficient non-parametric estimation of multiple embeddings per word in vector space},
  author={Neelakantan, Arvind and Shankar, Jeevan and Passos, Alexandre and McCallum, Andrew},
  journal={arXiv preprint arXiv:1504.06654},
  year={2015}
}

@article{melamud2016role,
  title={The role of context types and dimensionality in learning word embeddings},
  author={Melamud, Oren and McClosky, David and Patwardhan, Siddharth and Bansal, Mohit},
  journal={arXiv preprint arXiv:1601.00893},
  year={2016}
}

@article{hamilton2016diachronic,
  title={Diachronic word embeddings reveal statistical laws of semantic change},
  author={Hamilton, William L and Leskovec, Jure and Jurafsky, Dan},
  journal={arXiv preprint arXiv:1605.09096},
  year={2016}
}

@inproceedings{nickel2017poincare,
  title={Poincar{\'e} embeddings for learning hierarchical representations},
  author={Nickel, Maximillian and Kiela, Douwe},
  booktitle={Advances in Neural Information Processing Systems},
  pages={6341--6350},
  year={2017}
}

@inproceedings{mccann2017learned,
  title={Learned in translation: Contextualized word vectors},
  author={McCann, Bryan and Bradbury, James and Xiong, Caiming and Socher, Richard},
  booktitle={Advances in Neural Information Processing Systems},
  pages={6297--6308},
  year={2017}
}

@article{athiwaratkun2017multimodal,
  title={Multimodal word distributions},
  author={Athiwaratkun, Ben and Wilson, Andrew Gordon},
  journal={arXiv preprint arXiv:1704.08424},
  year={2017}
}

@article{peters2018deep,
  title={Deep contextualized word representations},
  author={Peters, Matthew E and Neumann, Mark and Iyyer, Mohit and Gardner, Matt and Clark, Christopher and Lee, Kenton and Zettlemoyer, Luke},
  journal={arXiv preprint arXiv:1802.05365},
  year={2018}
}


%subword
%%%%%%%%%%%%%%%%%%%%%%%%%%%%%%%%%%%%%%%%%%%%%%%%%%%%%%%%%%%%%%%%%%%%%%%%%%%%%%%%%%%
@article{wieting2016charagram,
  title={Charagram: Embedding words and sentences via character n-grams},
  author={Wieting, John and Bansal, Mohit and Gimpel, Kevin and Livescu, Karen},
  journal={arXiv preprint arXiv:1607.02789},
  year={2016}
}


@article{bojanowski2016enriching,
  title={Enriching word vectors with subword information},
  author={Bojanowski, Piotr and Grave, Edouard and Joulin, Armand and Mikolov, Tomas},
  journal={arXiv preprint arXiv:1607.04606},
  year={2016}
}


%architecture
%%%%%%%%%%%%%%%%%%%%%%%%%%%%%%%%%%%%%%%%%%%%%%%%%%%%%% 
@article{collobert2011natural,
  title={Natural language processing (almost) from scratch},
  author={Collobert, Ronan and Weston, Jason and Bottou, L{\'e}on and Karlen, Michael and Kavukcuoglu, Koray and Kuksa, Pavel},
  journal={Journal of Machine Learning Research},
  volume={12},
  number={Aug},
  pages={2493--2537},
  year={2011}
}

@article{kim2014convolutional,
  title={Convolutional neural networks for sentence classification},
  author={Kim, Yoon},
  journal={arXiv preprint arXiv:1408.5882},
  year={2014}
}

@inproceedings{zhang2015character,
  title={Character-level convolutional networks for text classification},
  author={Zhang, Xiang and Zhao, Junbo and LeCun, Yann},
  booktitle={Advances in neural information processing systems},
  pages={649--657},
  year={2015}
}


@article{grave2016efficient,
  title={Efficient softmax approximation for GPUs},
  author={Grave, Edouard and Joulin, Armand and Ciss{\'e}, Moustapha and Grangier, David and J{\'e}gou, Herv{\'e}},
  journal={arXiv preprint arXiv:1609.04309},
  year={2016}
}

@article{dauphin2016language,
  title={Language modeling with gated convolutional networks},
  author={Dauphin, Yann N and Fan, Angela and Auli, Michael and Grangier, David},
  journal={arXiv preprint arXiv:1612.08083},
  year={2016}
}

@inproceedings{conneau2017very,
  title={Very deep convolutional networks for text classification},
  author={Conneau, Alexis and Schwenk, Holger and Barrault, Lo{\"\i}c and Lecun, Yann},
  booktitle={Proceedings of the 15th Conference of the European Chapter of the Association for Computational Linguistics: Volume 1, Long Papers},
  volume={1},
  pages={1107--1116},
  year={2017}
}

%text similarity
%%%%%%%%%%%%%%%%%%%%%%%%%%%%%%%%%%%%%%%%%%%%%%%%%%%%%%%%%%%%%%%%%%%%%%%%%%%%%%%%%

@inproceedings{severyn2015learning,
  title={Learning to rank short text pairs with convolutional deep neural networks},
  author={Severyn, Aliaksei and Moschitti, Alessandro},
  booktitle={Proceedings of the 38th International ACM SIGIR Conference on Research and Development in Information Retrieval},
  pages={373--382},
  year={2015},
  organization={ACM}
}

@inproceedings{mueller2016siamese,
  title={Siamese Recurrent Architectures for Learning Sentence Similarity.},
  author={Mueller, Jonas and Thyagarajan, Aditya},
  booktitle={AAAI},
  pages={2786--2792},
  year={2016}
}

%local feature detector
%%%%%%%%%%%%%%%%%%%%%%%%%%%%%%%%%%%%%%%%%%%%%%%%%%%%%%%%%%%%%%%%%%%%%%%%%%%%%%%%%
%pretrained feature detector visualization
@article{simonyan2013deep,
  title={Deep inside convolutional networks: Visualising image classification models and saliency maps},
  author={Simonyan, Karen and Vedaldi, Andrea and Zisserman, Andrew},
  journal={arXiv preprint arXiv:1312.6034},
  year={2013}
}

@inproceedings{zeiler2014visualizing,
  title={Visualizing and understanding convolutional networks},
  author={Zeiler, Matthew D and Fergus, Rob},
  booktitle={European conference on computer vision},
  pages={818--833},
  year={2014},
  organization={Springer}
}

%pretrained feature detector application
@inproceedings{kawahara2016deep,
  title={Deep features to classify skin lesions},
  author={Kawahara, Jeremy and BenTaieb, Aicha and Hamarneh, Ghassan},
  booktitle={Biomedical Imaging (ISBI), 2016 IEEE 13th International Symposium on},
  pages={1397--1400},
  year={2016},
  organization={IEEE}
}

@article{sladojevic2016deep,
  title={Deep neural networks based recognition of plant diseases by leaf image classification},
  author={Sladojevic, Srdjan and Arsenovic, Marko and Anderla, Andras and Culibrk, Dubravko and Stefanovic, Darko},
  journal={Computational intelligence and neuroscience},
  volume={2016},
  year={2016},
  publisher={Hindawi}
}

%bert
%%%%%%%%%%%%%%%%%%%%%%%%%%%%%%%%%%%%%%%%%%%%%%%%%%%%%% 
@article{wu2016google,
  title={Google's neural machine translation system: Bridging the gap between human and machine translation},
  author={Wu, Yonghui and Schuster, Mike and Chen, Zhifeng and Le, Quoc V and Norouzi, Mohammad and Macherey, Wolfgang and Krikun, Maxim and Cao, Yuan and Gao, Qin and Macherey, Klaus and others},
  journal={arXiv preprint arXiv:1609.08144},
  year={2016}
}


% MWE semantics
%%%%%%%%%%%%%%%%%%%%%%%%%%%%%%%%%%%%%%%%%%%%%%%%%%%%%%
@book{katz1963semantic,
  title={Semantic interpretation of idioms and sentences containing them},
  author={Katz, Jerrold J},
  year={1963},
  publisher={Research Laboratory of Electronics, Massachusetts Institute of Technology}
}

@article{justeson1995technical,
  title={Technical terminology: some linguistic properties and an algorithm for identification in text},
  author={Justeson, John S and Katz, Slava M},
  journal={Natural language engineering},
  volume={1},
  number={1},
  pages={9--27},
  year={1995},
  publisher={Cambridge University Press}
}

@book{jackendoff1997architecture,
  title={The architecture of the language faculty},
  author={Jackendoff, Ray},
  number={28},
  year={1997},
  publisher={MIT Press}
}

@inproceedings{sag2002multiword,
  title={Multiword expressions: A pain in the neck for NLP},
  author={Sag, Ivan A and Baldwin, Timothy and Bond, Francis and Copestake, Ann and Flickinger, Dan},
  booktitle={International Conference on Intelligent Text Processing and Computational Linguistics},
  pages={1--15},
  year={2002},
  organization={Springer}
}

@article{baldwin2010multiword,
  title={Multiword expressions.},
  author={Baldwin, Timothy and Kim, Su Nam},
  journal={Handbook of natural language processing},
  volume={2},
  pages={267--292},
  year={2010}
}

@article{constant2017multiword,
  title={Multiword expression processing: a survey},
  author={Constant, Mathieu and Eryi{\u{g}}it, G{\"u}l{\c{s}}en and Monti, Johanna and Van Der Plas, Lonneke and Ramisch, Carlos and Rosner, Michael and Todirascu, Amalia},
  journal={Computational Linguistics},
  volume={43},
  number={4},
  pages={837--892},
  year={2017},
  publisher={MIT Press}
}

% MWE as entity
%%%%%%%%%%%%%%%%%%%%%%%%%%%%%%%%%%%%%%%%%%%%%%%%%%%%%%%%%%%%%%%%%%%%%%%%%%%%%
@article{hachey2013evaluating,
  title={Evaluating entity linking with Wikipedia},
  author={Hachey, Ben and Radford, Will and Nothman, Joel and Honnibal, Matthew and Curran, James R},
  journal={Artificial intelligence},
  volume={194},
  pages={130--150},
  year={2013},
  publisher={Elsevier}
}

@inproceedings{isem2013daiber,
  title = {Improving Efficiency and Accuracy in Multilingual Entity Extraction},
  author = {Joachim Daiber and Max Jakob and Chris Hokamp and Pablo N. Mendes},
  year = {2013},
  booktitle = {Proceedings of the 9th International Conference on Semantic Systems (I-Semantics)}
}

@inproceedings{moro2015semeval,
  title={Semeval-2015 task 13: Multilingual all-words sense disambiguation and entity linking},
  author={Moro, Andrea and Navigli, Roberto},
  booktitle={Proceedings of the 9th International Workshop on Semantic Evaluation (SemEval 2015)},
  pages={288--297},
  year={2015}
}

% MWE identification
%%%%%%%%%%%%%%%%%%%%%%%%%%%%%%%%%%%%%%%%%%%%%%%%%%%%%%
@inproceedings{pecina2006combining,
  title={Combining association measures for collocation extraction},
  author={Pecina, Pavel and Schlesinger, Pavel},
  booktitle={Proceedings of the COLING/ACL on Main conference poster sessions},
  pages={651--658},
  year={2006},
  organization={Association for Computational Linguistics}
}

% non compositional
@article{hashimoto2016adaptive,
  title={Adaptive joint learning of compositional and non-compositional phrase embeddings},
  author={Hashimoto, Kazuma and Tsuruoka, Yoshimasa},
  journal={arXiv preprint arXiv:1603.06067},
  year={2016}
}

% MWE application
%%%%%%%%%%%%%%%%%%%%%%%%%%%%%%%%%%%%%%%%%%%%%%%%%%%%%%
@article{furnkranz1998study,
  title={A study using n-gram features for text categorization},
  author={F{\"u}rnkranz, Johannes},
  journal={Austrian Research Institute for Artifical Intelligence},
  volume={3},
  number={1998},
  pages={1--10},
  year={1998}
}


@inproceedings{cafferkey2007multi,
  title={Multi-word units in treebank-based probabilistic parsing and generation},
  author={Cafferkey, Conor and Hogan, Deirdre and van Genabith, Josef},
  booktitle={Proceedings of the 10th International Conference on Recent Advances in Natural Language Processing (RANLP-07)},
  year={2007}
}

@inproceedings{socher2010learning,
  title={Learning continuous phrase representations and syntactic parsing with recursive neural networks},
  author={Socher, Richard and Manning, Christopher D and Ng, Andrew Y},
  booktitle={Proceedings of the NIPS-2010 Deep Learning and Unsupervised Feature Learning Workshop},
  volume={2010},
  pages={1--9},
  year={2010}
}

@inproceedings{finlayson2011detecting,
  title={Detecting multi-word expressions improves word sense disambiguation},
  author={Finlayson, Mark Alan and Kulkarni, Nidhi},
  booktitle={Proceedings of the Workshop on Multiword Expressions: from Parsing and Generation to the Real World},
  pages={20--24},
  year={2011},
  organization={Association for Computational Linguistics}
}

@inproceedings{nguyen2015phrasernn,
  title={Phrasernn: Phrase recursive neural network for aspect-based sentiment analysis},
  author={Nguyen, Thien Hai and Shirai, Kiyoaki},
  booktitle={Proceedings of the 2015 Conference on Empirical Methods in Natural Language Processing},
  pages={2509--2514},
  year={2015}
}

%mt
@article{cho2014learning,
  title={Learning phrase representations using RNN encoder-decoder for statistical machine translation},
  author={Cho, Kyunghyun and Van Merri{\"e}nboer, Bart and Gulcehre, Caglar and Bahdanau, Dzmitry and Bougares, Fethi and Schwenk, Holger and Bengio, Yoshua},
  journal={arXiv preprint arXiv:1406.1078},
  year={2014}
}

@inproceedings{savary2015parseme,
  title={PARSEME--PARSing and Multiword Expressions within a European multilingual network},
  author={Savary, Agata and Sailer, Manfred and Parmentier, Yannick and Rosner, Michael and Ros{\'e}n, Victoria and Przepi{\'o}rkowski, Adam and Krstev, Cvetana and Vincze, Veronika and W{\'o}jtowicz, Beata and Losnegaard, Gyri Sm{\o}rdal and others},
  booktitle={7th Language \& Technology Conference: Human Language Technologies as a Challenge for Computer Science and Linguistics (LTC 2015)},
  year={2015}
}

@article{huang2017neural,
  title={Neural phrase-based machine translation},
  author={Huang, Po-Sen and Wang, Chong and Zhou, Dengyong and Deng, Li},
  journal={arXiv preprint arXiv:1706.05565},
  year={2017}
}

% MWE with structure: taxonomy, 
%%%%%%%%%%%%%%%%%%%%%%%%%%%%%%%%%%%%%%%%%%%%%%%%%%%%%%
@article{berlin1973general,
  title={General principles of classification and nomenclature in folk biology},
  author={Berlin, Brent and Breedlove, Dennis E and Raven, Peter H},
  journal={American anthropologist},
  volume={75},
  number={1},
  pages={214--242},
  year={1973},
  publisher={Wiley Online Library}
}

@inproceedings{hearst1992automatic,
  title={Automatic acquisition of hyponyms from large text corpora},
  author={Hearst, Marti A},
  booktitle={Proceedings of the 14th conference on Computational linguistics-Volume 2},
  pages={539--545},
  year={1992},
  organization={Association for Computational Linguistics}
}

% text mining
%%%%%%%%%%%%%%%%%%%%%%%%%%%%%%%%%%%%%%%%%%%%%%%%%%%%%% 
@inproceedings{banko2007open,
  title={Open information extraction from the web.},
  author={Banko, Michele and Cafarella, Michael J and Soderland, Stephen and Broadhead, Matthew and Etzioni, Oren},
  booktitle={IJCAI},
  volume={7},
  pages={2670--2676},
  year={2007}
}

@inproceedings{wu2012probase,
  title={Probase: A probabilistic taxonomy for text understanding},
  author={Wu, Wentao and Li, Hongsong and Wang, Haixun and Zhu, Kenny Q},
  booktitle={Proceedings of the 2012 ACM SIGMOD International Conference on Management of Data},
  pages={481--492},
  year={2012},
  organization={ACM}
}

@inproceedings{ren2016automatic,
  title={Automatic Entity Recognition and Typing in Massive Text Data},
  author={Ren, Xiang and El-Kishky, Ahmed and Ji, Heng and Han, Jiawei},
  booktitle={Proceedings of the 2016 International Conference on Management of Data},
  pages={2235--2239},
  year={2016},
  organization={ACM}
}


@inproceedings{ren2017cotype,
  title={CoType: Joint extraction of typed entities and relations with knowledge bases},
  author={Ren, Xiang and Wu, Zeqiu and He, Wenqi and Qu, Meng and Voss, Clare R and Ji, Heng and Abdelzaher, Tarek F and Han, Jiawei},
  booktitle={Proceedings of the 26th International Conference on World Wide Web},
  pages={1015--1024},
  year={2017},
  organization={International World Wide Web Conferences Steering Committee}
}


%%%%preprocessing
%%%%%%%%%%%%%%%%%%%%%%%%%%%%%%%%%%%%%%%%%%%%%%%%%%%%%% 
@inproceedings{agrawal1994fast,
  title={Fast algorithms for mining association rules},
  author={Agrawal, Rakesh and Srikant, Ramakrishnan and others},
  booktitle={Proc. 20th int. conf. very large data bases, VLDB},
  volume={1215},
  pages={487--499},
  year={1994}
}

@article{han2004mining,
  title={Mining frequent patterns without candidate generation: A frequent-pattern tree approach},
  author={Han, Jiawei and Pei, Jian and Yin, Yiwen and Mao, Runying},
  journal={Data mining and knowledge discovery},
  volume={8},
  number={1},
  pages={53--87},
  year={2004},
  publisher={Springer}
}



%dropout 
%%%%%%%%%%%%%%%%%%%%%%%%%%%%%%%%%%%%%%%%%%%%%%%%%%%%%% 
@article{hinton2012improving,
  title={Improving neural networks by preventing co-adaptation of feature detectors},
  author={Hinton, Geoffrey E and Srivastava, Nitish and Krizhevsky, Alex and Sutskever, Ilya and Salakhutdinov, Ruslan R},
  journal={arXiv preprint arXiv:1207.0580},
  year={2012}
}

%dropout's varational interpretation
%bayesian corresponds to a function draw
@inproceedings{gal2017concrete,
  title={Concrete dropout},
  author={Gal, Yarin and Hron, Jiri and Kendall, Alex},
  booktitle={Advances in Neural Information Processing Systems},
  pages={3581--3590},
  year={2017}
}

%score based VB
% The score function estimator
% is known to have extremely high variance in practice, making optimisation difficult. Following early
% experimentation with the score function estimator, it was evident that the increase in variance was
% not manageable.
@article{paisley2012variational,
  title={Variational Bayesian inference with stochastic search},
  author={Paisley, John and Blei, David and Jordan, Michael},
  journal={arXiv preprint arXiv:1206.6430},
  year={2012}
}

% The pathwise derivative estimator is known to have much lower variance than the score function estimator in many applications, and indeed was used by [23] w

%pathwise gradient
% start at a high temperature and annel to a small but non-zero temporature
@article{jang2016categorical,
  title={Categorical reparameterization with gumbel-softmax},
  author={Jang, Eric and Gu, Shixiang and Poole, Ben},
  journal={arXiv preprint arXiv:1611.01144},
  year={2016}
}

%dropout rates are learned
%the global uncertainty in the weights is translated into a form of local uncertainty that is independent across examples and easier to sample.
%a local reparameterization of our posterior on the weights W.
@inproceedings{kingma2015variational,
  title={Variational dropout and the local reparameterization trick},
  author={Kingma, Durk P and Salimans, Tim and Welling, Max},
  booktitle={Advances in Neural Information Processing Systems},
  pages={2575--2583},
  year={2015}
}

%gaussian dropout 
@inproceedings{wang2013fast,
  title={Fast dropout training},
  author={Wang, Sida and Manning, Christopher},
  booktitle={international conference on machine learning},
  pages={118--126},
  year={2013}
}

%data as co-adaptation

% Bayesian posterior inference over the neural network parameters is a theoretically attractive method
% for controlling overfitting; exact inference is computationally intractable, but efficient approximate
% schemes can be designed.

%experiment
%%%%%%%%%%%%%%%%%%%%%%%%%%%%%%%%%%%%%%%%%%%%%%%%%%%%%% 
@inproceedings{Tang08KDD,
    AUTHOR = "Jie Tang and Jing Zhang and Limin Yao and Juanzi Li and Li Zhang and Zhong Su",
    TITLE = "ArnetMiner: Extraction and Mining of Academic Social Networks",
    pages = "990-998",
    YEAR = {2008},
    BOOKTITLE = "KDD'08",
}


%%from hiercon

@article{devlin2018bert,
  title={Bert: Pre-training of deep bidirectional transformers for language understanding},
  author={Devlin, Jacob and Chang, Ming-Wei and Lee, Kenton and Toutanova, Kristina},
  journal={arXiv preprint arXiv:1810.04805},
  year={2018}
}

@inproceedings{nguyen2007keyphrase,
  title={Keyphrase extraction in scientific publications},
  author={Nguyen, Thuy Dung and Kan, Min-Yen},
  booktitle={International conference on Asian digital libraries},
  pages={317--326},
  year={2007},
  organization={Springer}
}

@inproceedings{lapin2015top,
  title={Top-k multiclass SVM},
  author={Lapin, Maksim and Hein, Matthias and Schiele, Bernt},
  booktitle={Advances in Neural Information Processing Systems},
  pages={325--333},
  year={2015}
}

@article{egozi2011concept,
  title={Concept-based information retrieval using explicit semantic analysis},
  author={Egozi, Ofer and Markovitch, Shaul and Gabrilovich, Evgeniy},
  journal={ACM Transactions on Information Systems (TOIS)},
  volume={29},
  number={2},
  pages={8},
  year={2011},
  publisher={ACM}
}

@article{meng2018weakly,
  title={Weakly-Supervised Hierarchical Text Classification},
  author={Meng, Yu and Shen, Jiaming and Zhang, Chao and Han, Jiawei},
  journal={arXiv preprint arXiv:1812.11270},
  year={2018}
}

@article{kim2014convolutional,
  title={Convolutional neural networks for sentence classification},
  author={Kim, Yoon},
  journal={arXiv preprint arXiv:1408.5882},
  year={2014}
}

@article{meng2018weakly,
  title={Weakly-Supervised Hierarchical Text Classification},
  author={Meng, Yu and Shen, Jiaming and Zhang, Chao and Han, Jiawei},
  journal={arXiv preprint arXiv:1812.11270},
  year={2018}
}

@article{shang2018automated,
  title={Automated phrase mining from massive text corpora},
  author={Shang, Jingbo and Liu, Jialu and Jiang, Meng and Ren, Xiang and Voss, Clare R and Han, Jiawei},
  journal={IEEE Transactions on Knowledge and Data Engineering},
  volume={30},
  number={10},
  pages={1825--1837},
  year={2018},
  publisher={IEEE}
}

@inproceedings{hasan2014automatic,
  title={Automatic keyphrase extraction: A survey of the state of the art},
  author={Hasan, Kazi Saidul and Ng, Vincent},
  booktitle={Proceedings of the 52nd Annual Meeting of the Association for Computational Linguistics (Volume 1: Long Papers)},
  volume={1},
  pages={1262--1273},
  year={2014}
}

@inproceedings{yang2016hierarchical,
  title={Hierarchical attention networks for document classification},
  author={Yang, Zichao and Yang, Diyi and Dyer, Chris and He, Xiaodong and Smola, Alex and Hovy, Eduard},
  booktitle={Proceedings of the 2016 Conference of the North American Chapter of the Association for Computational Linguistics: Human Language Technologies},
  pages={1480--1489},
  year={2016}
}

@inproceedings{li2018concept,
  title={Concept Mining via Embedding},
  author={Li, Keqian and Zha, Hanwen and Su, Yu and Yan, Xifeng},
  booktitle={2018 IEEE International Conference on Data Mining (ICDM)},
  pages={267--276},
  year={2018},
  organization={IEEE}
}

@inproceedings{carmel2014erd,
  title={ERD'14: entity recognition and disambiguation challenge},
  author={Carmel, David and Chang, Ming-Wei and Gabrilovich, Evgeniy and Hsu, Bo-June Paul and Wang, Kuansan},
  booktitle={ACM SIGIR Forum},
  volume={48},
  number={2},
  pages={63--77},
  year={2014},
  organization={ACM}
}

@article{johnson1968stm,
  title={The STM report},
  author={Johnson, Rob and Watkinson, Anthony and Mabe, Michael}
}

@article{xian2017zero,
  title={Zero-shot learning-the good, the bad and the ugly},
  author={Xian, Yongqin and Schiele, Bernt and Akata, Zeynep},
journal={arXiv preprint arXiv:1703.04394},
  year={2017}
}

@article{russakovsky2015imagenet,
  title={Imagenet large scale visual recognition challenge},
  author={Russakovsky, Olga and Deng, Jia and Su, Hao and Krause, Jonathan and Satheesh, Sanjeev and Ma, Sean and Huang, Zhiheng and Karpathy, Andrej and Khosla, Aditya and Bernstein, Michael and others},
  journal={International Journal of Computer Vision},
  volume={115},
  number={3},
  pages={211--252},
  year={2015},
  publisher={Springer}
}

@article{raffel2015feed,
  title={Feed-forward networks with attention can solve some long-term memory problems},
  author={Raffel, Colin and Ellis, Daniel PW},
  journal={arXiv preprint arXiv:1512.08756},
  year={2015}
}

@article{bahdanau2014neural,
  title={Neural machine translation by jointly learning to align and translate},
  author={Bahdanau, Dzmitry and Cho, Kyunghyun and Bengio, Yoshua},
  journal={arXiv preprint arXiv:1409.0473},
  year={2014}
}

@inproceedings{guo2016deep,
  title={A deep relevance matching model for ad-hoc retrieval},
  author={Guo, Jiafeng and Fan, Yixing and Ai, Qingyao and Croft, W Bruce},
  booktitle={Proceedings of the 25th ACM International on Conference on Information and Knowledge Management},
  pages={55--64},
  year={2016},
  organization={ACM}
}

@inproceedings{huang2013learning,
  title={Learning deep structured semantic models for web search using clickthrough data},
  author={Huang, Po-Sen and He, Xiaodong and Gao, Jianfeng and Deng, Li and Acero, Alex and Heck, Larry},
  booktitle={Proceedings of the 22nd ACM international conference on Conference on information \& knowledge management},
  pages={2333--2338},
  year={2013},
  organization={ACM}
}

@article{shang2017automated,
  title={Automated phrase mining from massive text corpora},
  author={Shang, Jingbo and Liu, Jialu and Jiang, Meng and Ren, Xiang and Voss, Clare R and Han, Jiawei},
  journal={arXiv preprint arXiv:1702.04457},
  year={2017}
}

@inproceedings{sun2001hierarchical,
  title={Hierarchical text classification and evaluation},
  author={Sun, Aixin and Lim, Ee-Peng},
  booktitle={Data Mining, 2001. ICDM 2001, Proceedings IEEE International Conference on},
  pages={521--528},
  year={2001},
  organization={IEEE}
}

@inproceedings{sun2001hierarchical,
  title={Hierarchical text classification and evaluation},
  author={Sun, Aixin and Lim, Ee-Peng},
  booktitle={Data Mining, 2001. ICDM 2001, Proceedings IEEE International Conference on},
  pages={521--528},
  year={2001},
  organization={IEEE}
}

@article{nguyen2017overview,
  title={An overview of embedding models of entities and relationships for knowledge base completion},
  author={Nguyen, Dat Quoc},
  journal={arXiv preprint arXiv:1703.08098},
  year={2017}
}

@inproceedings{pennington2014glove,
  title={Glove: Global vectors for word representation},
  author={Pennington, Jeffrey and Socher, Richard and Manning, Christopher},
  booktitle={Proceedings of the 2014 conference on empirical methods in natural language processing (EMNLP)},
  pages={1532--1543},
  year={2014}
}

@inproceedings{bordes2013translating,
  title={Translating embeddings for modeling multi-relational data},
  author={Bordes, Antoine and Usunier, Nicolas and Garcia-Duran, Alberto and Weston, Jason and Yakhnenko, Oksana},
  booktitle={Advances in neural information processing systems},
  pages={2787--2795},
  year={2013}
}

@inproceedings{changpinyo2016synthesized,
  title={Synthesized classifiers for zero-shot learning},
  author={Changpinyo, Soravit and Chao, Wei-Lun and Gong, Boqing and Sha, Fei},
  booktitle={Proceedings of the IEEE Conference on Computer Vision and Pattern Recognition},
  pages={5327--5336},
  year={2016}
}

@article{arora2016simple,
  title={A simple but tough-to-beat baseline for sentence embeddings},
  author={Arora, Sanjeev and Liang, Yingyu and Ma, Tengyu},
  year={2016}
}

@inproceedings{zhang2016zero,
  title={Zero-shot learning via joint latent similarity embedding},
  author={Zhang, Ziming and Saligrama, Venkatesh},
  booktitle={Proceedings of the IEEE Conference on Computer Vision and Pattern Recognition},
  pages={6034--6042},
  year={2016}
}

@article{zhang2016learning,
  title={Learning Joint Feature Adaptation for Zero-Shot Recognition},
  author={Zhang, Ziming and Saligrama, Venkatesh},
  journal={arXiv preprint arXiv:1611.07593},
  year={2016}
}

@article{lampert2014attribute,
  title={Attribute-based classification for zero-shot visual object categorization},
  author={Lampert, Christoph H and Nickisch, Hannes and Harmeling, Stefan},
  journal={IEEE Transactions on Pattern Analysis and Machine Intelligence},
  volume={36},
  number={3},
  pages={453--465},
  year={2014},
  publisher={IEEE}
}

@inproceedings{akata2015evaluation,
  title={Evaluation of output embeddings for fine-grained image classification},
  author={Akata, Zeynep and Reed, Scott and Walter, Daniel and Lee, Honglak and Schiele, Bernt},
  booktitle={Computer Vision and Pattern Recognition (CVPR), 2015 IEEE Conference on},
  pages={2927--2936},
  year={2015},
  organization={IEEE}
}

@article{norouzi2013zero,
  title={Zero-shot learning by convex combination of semantic embeddings},
  author={Norouzi, Mohammad and Mikolov, Tomas and Bengio, Samy and Singer, Yoram and Shlens, Jonathon and Frome, Andrea and Corrado, Greg S and Dean, Jeffrey},
  journal={arXiv preprint arXiv:1312.5650},
  year={2013}
}


@inproceedings{socher2013zero,
  title={Zero-shot learning through cross-modal transfer},
  author={Socher, Richard and Ganjoo, Milind and Manning, Christopher D and Ng, Andrew},
  booktitle={Advances in neural information processing systems},
  pages={935--943},
  year={2013}
}

@inproceedings{chang2008importance,
  title={Importance of Semantic Representation: Dataless Classification.},
  author={Chang, Ming-Wei and Ratinov, Lev-Arie and Roth, Dan and Srikumar, Vivek},
  booktitle={AAAI},
  volume={2},
  pages={830--835},
  year={2008}
}

@inproceedings{raviv2016document,
  title={Document retrieval using entity-based language models},
  author={Raviv, Hadas and Kurland, Oren and Carmel, David},
  booktitle={Proceedings of the 39th International ACM SIGIR conference on Research and Development in Information Retrieval},
  pages={65--74},
  year={2016},
  organization={ACM}
}

@inproceedings{xiong2017explicit,
  title={Explicit semantic ranking for academic search via knowledge graph embedding},
  author={Xiong, Chenyan and Power, Russell and Callan, Jamie},
  booktitle={Proceedings of the 26th international conference on world wide web},
  pages={1271--1279},
  year={2017},
  organization={International World Wide Web Conferences Steering Committee}
}

@article{xiong2017word,
  title={Word-Entity Duet Representations for Document Ranking},
  author={Xiong, Chenyan and Callan, Jamie and Liu, Tie-Yan},
  journal={arXiv preprint arXiv:1706.06636},
  year={2017}
}

@inproceedings{xiong2015esdrank,
  title={Esdrank: Connecting query and documents through external semi-structured data},
  author={Xiong, Chenyan and Callan, Jamie},
  booktitle={Proceedings of the 24th ACM International on Conference on Information and Knowledge Management},
  pages={951--960},
  year={2015},
  organization={ACM}
}

@article{shen2018entity,
  title={Entity Set Search of Scientific Literature: An Unsupervised Ranking Approach},
  author={Shen, Jiaming and Xiao, Jinfeng and He, Xinwei and Shang, Jingbo and Sinha, Saurabh and Han, Jiawei},
  journal={arXiv preprint arXiv:1804.10877},
  year={2018}
}

@article{liu2015latent,
  title={Latent entity space: a novel retrieval approach for entity-bearing queries},
  author={Liu, Xitong and Fang, Hui},
  journal={Information Retrieval Journal},
  volume={18},
  number={6},
  pages={473--503},
  year={2015},
  publisher={Springer}
}

@inproceedings{dalton2014entity,
  title={Entity query feature expansion using knowledge base links},
  author={Dalton, Jeffrey and Dietz, Laura and Allan, James},
  booktitle={Proceedings of the 37th international ACM SIGIR conference on Research \& development in information retrieval},
  pages={365--374},
  year={2014},
  organization={ACM}
}

@inproceedings{dalton2014entity,
  title={Entity query feature expansion using knowledge base links},
  author={Dalton, Jeffrey and Dietz, Laura and Allan, James},
  booktitle={Proceedings of the 37th international ACM SIGIR conference on Research \& development in information retrieval},
  pages={365--374},
  year={2014},
  organization={ACM}
}

@inproceedings{xiong2015query,
  title={Query expansion with Freebase},
  author={Xiong, Chenyan and Callan, Jamie},
  booktitle={Proceedings of the 2015 International Conference on The Theory of Information Retrieval},
  pages={111--120},
  year={2015},
  organization={ACM}
}

@inproceedings{xu2009query,
  title={Query dependent pseudo-relevance feedback based on wikipedia},
  author={Xu, Yang and Jones, Gareth JF and Wang, Bin},
  booktitle={Proceedings of the 32nd international ACM SIGIR conference on Research and development in information retrieval},
  pages={59--66},
  year={2009},
  organization={ACM}
}

@inproceedings{song2014dataless,
  title={On Dataless Hierarchical Text Classification.},
  author={Song, Yangqiu and Roth, Dan},
  booktitle={AAAI},
  volume={7},
  year={2014}
}

@article{liu2005support,
  title={Support vector machines classification with a very large-scale taxonomy},
  author={Liu, Tie-Yan and Yang, Yiming and Wan, Hao and Zeng, Hua-Jun and Chen, Zheng and Ma, Wei-Ying},
  journal={Acm Sigkdd Explorations Newsletter},
  volume={7},
  number={1},
  pages={36--43},
  year={2005},
  publisher={ACM}
}

@inproceedings{dumais2000hierarchical,
  title={Hierarchical classification of Web content},
  author={Dumais, Susan and Chen, Hao},
  booktitle={Proceedings of the 23rd annual international ACM SIGIR conference on Research and development in information retrieval},
  pages={256--263},
  year={2000},
  organization={ACM}
}

@article{holden2009hierarchical,
  title={Hierarchical classification of protein function with ensembles of rules and particle swarm optimisation},
  author={Holden, Nicholas and Freitas, Alex A},
  journal={Soft Computing},
  volume={13},
  number={3},
  pages={259--272},
  year={2009},
  publisher={Springer}
}

@inproceedings{otero2009hierarchical,
  title={A hierarchical classification ant colony algorithm for predicting gene ontology terms},
  author={Otero, Fernando EB and Freitas, Alex A and Johnson, Colin G},
  booktitle={European Conference on Evolutionary Computation, Machine Learning and Data Mining in Bioinformatics},
  pages={68--79},
  year={2009},
  organization={Springer}
}

@inproceedings{silla2009global,
  title={A global-model naive bayes approach to the hierarchical prediction of protein functions},
  author={Silla Jr, Carlos N and Freitas, Alex A},
  booktitle={Data Mining, 2009. ICDM'09. Ninth IEEE International Conference on},
  pages={992--997},
  year={2009},
  organization={IEEE}
}

@inproceedings{blockeel2006decision,
  title={Decision trees for hierarchical multilabel classification: A case study in functional genomics},
  author={Blockeel, Hendrik and Schietgat, Leander and Struyf, Jan and D{\v{z}}eroski, Sa{\v{s}}o and Clare, Amanda},
  booktitle={European Conference on Principles of Data Mining and Knowledge Discovery},
  pages={18--29},
  year={2006},
  organization={Springer}
}

@article{vens2008decision,
  title={Decision trees for hierarchical multi-label classification},
  author={Vens, Celine and Struyf, Jan and Schietgat, Leander and D{\v{z}}eroski, Sa{\v{s}}o and Blockeel, Hendrik},
  journal={Machine Learning},
  volume={73},
  number={2},
  pages={185},
  year={2008},
  publisher={Springer}
}

@inproceedings{kiritchenko2006learning,
  title={Learning and evaluation in the presence of class hierarchies: Application to text categorization},
  author={Kiritchenko, Svetlana and Matwin, Stan and Nock, Richard and Famili, A Fazel},
  booktitle={Conference of the Canadian Society for Computational Studies of Intelligence},
  pages={395--406},
  year={2006},
  organization={Springer}
}

@inproceedings{gopal2013recursive,
  title={Recursive regularization for large-scale classification with hierarchical and graphical dependencies},
  author={Gopal, Siddharth and Yang, Yiming},
  booktitle={Proceedings of the 19th ACM SIGKDD international conference on Knowledge discovery and data mining},
  pages={257--265},
  year={2013},
  organization={ACM}
}

@inproceedings{mccallum1998improving,
  title={Improving Text Classification by Shrinkage in a Hierarchy of Classes.},
  author={McCallum, Andrew and Rosenfeld, Ronald and Mitchell, Tom M and Ng, Andrew Y},
  booktitle={ICML},
  volume={98},
  pages={359--367},
  year={1998}
}

@article{wilkins2011systematics,
  title={What is systematics and what is taxonomy},
  author={Wilkins, John S},
  journal={Google Scholar},
  year={2011}
}

@book{lamberts2013knowledge,
  title={Knowledge Concepts and Categories},
  author={Lamberts, Koen},
  year={2013},
  publisher={Psychology Press}
}

@book{wynar1992introduction,
  title={Introduction to cataloging and classification},
  author={Wynar, Bohdan S and Taylor, Arlene G and Osborn, Jeanne},
  year={1992},
  publisher={Libraries Unlimited Englewood, CO}
}

@inproceedings{li2018unsupervised,
  title={Unsupervised Neural Categorization for Scientific Publications},
  author={Li, Keqian and Zha, Hanwen and Su, Yu and Yan, Xifeng},
  booktitle={Proceedings of the 2018 SIAM International Conference on Data Mining},
  pages={37--45},
  year={2018},
  organization={SIAM}
}

@article{mitra2017neural,
  title={Neural Models for Information Retrieval},
  author={Mitra, Bhaskar and Craswell, Nick},
  journal={arXiv preprint arXiv:1705.01509},
  year={2017}
}

@inproceedings{mikolov2013distributed,
  title={Distributed representations of words and phrases and their compositionality},
  author={Mikolov, Tomas and Sutskever, Ilya and Chen, Kai and Corrado, Greg S and Dean, Jeff},
  booktitle={Advances in neural information processing systems},
  pages={3111--3119},
  year={2013}
}

@article{bengio2013representation,
  title={Representation learning: A review and new perspectives},
  author={Bengio, Yoshua and Courville, Aaron and Vincent, Pascal},
  journal={IEEE transactions on pattern analysis and machine intelligence},
  volume={35},
  number={8},
  pages={1798--1828},
  year={2013},
  publisher={IEEE}
}

@inproceedings{li2017discovering,
  title={Discovering Enterprise Concepts Using Spreadsheet Tables},
  author={Li, Keqian and He, Yeye and Ganjam, Kris},
  booktitle={Proceedings of the 23rd ACM SIGKDD International Conference on Knowledge Discovery and Data Mining},
  pages={1873--1882},
  year={2017},
  organization={ACM}
}

@article{silla2011survey,
  title={A survey of hierarchical classification across different application domains},
  author={Silla, Carlos N and Freitas, Alex A},
  journal={Data Mining and Knowledge Discovery},
  volume={22},
  number={1-2},
  pages={31--72},
  year={2011},
  publisher={Springer}
}

@book{murphy2004big,
  title={The big book of concepts},
  author={Murphy, Gregory},
  year={2004},
  publisher={MIT press}
}

@book{carter2004bib,
  title={Bibliography},
  author={John Carter, Nicolas Barker},
  year={2004},
  publisher={Oak Knoll Press and British Library}
}

@article{navigli2012babelnet,
  title={BabelNet: The automatic construction, evaluation and application of a wide-coverage multilingual semantic network},
  author={Navigli, Roberto and Ponzetto, Simone Paolo},
  journal={Artificial Intelligence},
  volume={193},
  pages={217--250},
  year={2012},
  publisher={Elsevier Science Publishers Ltd.}
}

@incollection{auer2007dbpedia,
  title={Dbpedia: A nucleus for a web of open data},
  author={Auer, S{\"o}ren and Bizer, Christian and Kobilarov, Georgi and Lehmann, Jens and Cyganiak, Richard and Ives, Zachary},
  booktitle={The semantic web},
  pages={722--735},
  year={2007},
  publisher={Springer}
}

@inproceedings{wu2012probase,
  title={Probase: A probabilistic taxonomy for text understanding},
  author={Wu, Wentao and Li, Hongsong and Wang, Haixun and Zhu, Kenny Q},
  booktitle={Proceedings of the 2012 ACM SIGMOD International Conference on Management of Data},
  pages={481--492},
  year={2012},
  organization={ACM}
}

@inproceedings{gopal2013recursive,
  title={Recursive regularization for large-scale classification with hierarchical and graphical dependencies},
  author={Gopal, Siddharth and Yang, Yiming},
  booktitle={Proceedings of the 19th ACM SIGKDD international conference on Knowledge discovery and data mining},
  pages={257--265},
  year={2013},
  organization={ACM}
}

@inproceedings{dekel2004large,
  title={Large margin hierarchical classification},
  author={Dekel, Ofer and Keshet, Joseph and Singer, Yoram},
  booktitle={Proceedings of the twenty-first international conference on Machine learning},
  pages={27},
  year={2004},
  organization={ACM}
}

@inproceedings{song2014dataless,
  title={On Dataless Hierarchical Text Classification.},
  author={Song, Yangqiu and Roth, Dan},
  booktitle={AAAI},
  volume={7},
  year={2014}
}

@article{zhang2018taxogen,
  title={TaxoGen: Constructing Topical Concept Taxonomy by Adaptive Term Embedding and Clustering},
  author={Zhang, Chao and Tao, Fangbo and Chen, Xiusi and Shen, Jiaming and Jiang, Meng and Sadler, Brian and Vanni, Michelle and Han, Jiawei},
  year={2018}
}

@inproceedings{shen2017setexpan,
  title={SetExpan: Corpus-Based Set Expansion via Context Feature Selection and Rank Ensemble},
  author={Shen, Jiaming and Wu, Zeqiu and Lei, Dongming and Shang, Jingbo and Ren, Xiang and Han, Jiawei},
  booktitle={Joint European Conference on Machine Learning and Knowledge Discovery in Databases},
  pages={288--304},
  year={2017},
  organization={Springer}
}

@article{shen2018hiexpan,
  title={HiExpan: Task-Guided Taxonomy Construction by Hierarchical Tree Expansion},
  author={Shen, Jiaming and Wu, Zeqiu and Lei, Dongming and Zhang, Chao and Ren, Xiang and Vanni, Michelle T and Sadler, Brian M and Han, Jiawei},
  year={2018}
}

@incollection{rokach2005clustering,
  title={Clustering methods},
  author={Rokach, Lior and Maimon, Oded},
  booktitle={Data mining and knowledge discovery handbook},
  pages={321--352},
  year={2005},
  publisher={Springer}
}

@article{carpineto2012survey,
  title={A survey of automatic query expansion in information retrieval},
  author={Carpineto, Claudio and Romano, Giovanni},
  journal={ACM Computing Surveys (CSUR)},
  volume={44},
  number={1},
  pages={1},
  year={2012},
  publisher={ACM}
}

@inproceedings{han2016distributed,
  title={Distributed representations of expertise},
  author={Han, Fangqiu and Tan, Shulong and Sun, Huan and Srivatsa, Mudhakar and Cai, Deng and Yan, Xifeng},
  booktitle={Proceedings of the 2016 SIAM International Conference on Data Mining},
  pages={531--539},
  year={2016},
  organization={SIAM}
}

@inproceedings{siddiqui2016facetgist,
  title={FacetGist: Collective extraction of document facets in large technical corpora},
  author={Siddiqui, Tarique and Ren, Xiang and Parameswaran, Aditya and Han, Jiawei},
  booktitle={Proceedings of the 25th ACM International on Conference on Information and Knowledge Management},
  pages={871--880},
  year={2016},
  organization={ACM}
}

@article{su2017global,
  title={Global Relation Embedding for Relation Extraction},
  author={Su, Yu and Liu, Honglei and Yavuz, Semih and Gur, Izzeddin and Sun, Huan and Yan, Xifeng},
  journal={arXiv preprint arXiv:1704.05958},
  year={2017}
}

@inproceedings{li2017discovering,
  title={Discovering Enterprise Concepts Using Spreadsheet Tables},
  author={Li, Keqian and He, Yeye and Ganjam, Kris},
  booktitle={Proceedings of the 23rd ACM SIGKDD International Conference on Knowledge Discovery and Data Mining},
  pages={1873--1882},
  year={2017},
  organization={ACM}
}

@inproceedings{li2018unsupervised,
  title={Unsupervised Neural Categorization for Scientific Publications},
  author={Li, Keqian and Zha, Hanwen and Su, Yu and Yan, Xifeng},
  booktitle={Proceedings of the 2018 SIAM International Conference on Data Mining},
  pages={37--45},
  year={2018},
  organization={SIAM}
}

@inproceedings{yavuz2016improving,
  title={Improving semantic parsing via answer type inference},
  author={Yavuz, Semih and Gur, Izzeddin and Su, Yu and Srivatsa, Mudhakar and Yan, Xifeng},
  booktitle={Proceedings of the 2016 Conference on Empirical Methods in Natural Language Processing},
  pages={149--159},
  year={2016}
}

@inproceedings{yavuz2017recovering,
  title={Recovering Question Answering Errors via Query Revision},
  author={Yavuz, Semih and Gur, Izzeddin and Su, Yu and Yan, Xifeng},
  booktitle={Proceedings of the 2017 Conference on Empirical Methods in Natural Language Processing},
  pages={903--909},
  year={2017}
}

@article{li2017deep,
  title={Deep reinforcement learning: An overview},
  author={Li, Yuxi},
  journal={arXiv preprint arXiv:1701.07274},
  year={2017}
}

@inproceedings{nguyen2010wingnus,
  title={WINGNUS: Keyphrase extraction utilizing document logical structure},
  author={Nguyen, Thuy Dung and Luong, Minh-Thang},
  booktitle={Proceedings of the 5th international workshop on semantic evaluation},
  pages={166--169},
  year={2010},
  organization={Association for Computational Linguistics}
}

@article{su2017cross,
  title={Cross-domain Semantic Parsing via Paraphrasing},
  author={Su, Yu and Yan, Xifeng},
  journal={arXiv preprint arXiv:1704.05974},
  year={2017}
}

@inproceedings{li2014social,
  title={On social event organization},
  author={Li, Keqian and Lu, Wei and Bhagat, Smriti and Lakshmanan, Laks V.S. and Yu, Cong},
  booktitle={Proceedings of the 20th ACM SIGKDD international conference on Knowledge discovery and data mining},
  pages={1206--1215},
  year={2014},
  organization={ACM}
}

@article{lariviere2014arxiv,
  title={arXiv E-prints and the journal of record: An analysis of roles and relationships},
  author={Larivi{\`e}re, Vincent and Sugimoto, Cassidy R and Macaluso, Benoit and Milojevi{\'c}, Sta{\v{s}}a and Cronin, Blaise and Thelwall, Mike},
  journal={Journal of the Association for Information Science and Technology},
  volume={65},
  number={6},
  pages={1157--1169},
  year={2014},
  publisher={Wiley Online Library}
}

@article{gentil2010citing,
  title={Citing and reading behaviours in high-energy physics},
  author={Gentil-Beccot, Anne and Mele, Salvatore and Brooks, Travis C},
  journal={Scientometrics},
  volume={84},
  number={2},
  pages={345--355},
  year={2010},
  publisher={Springer}
}

@inproceedings{harper2009facts,
  title={Facts or friends?: distinguishing informational and conversational questions in social Q\&A sites},
  author={Harper, F Maxwell and Moy, Daniel and Konstan, Joseph A},
  booktitle={Proceedings of the SIGCHI Conference on Human Factors in Computing Systems},
  pages={759--768},
  year={2009},
  organization={ACM}
}

@article{evans2010your,
  title={Do your friends make you smarter?: An analysis of social strategies in online information seeking},
  author={Evans, Brynn M and Kairam, Sanjay and Pirolli, Peter},
  journal={Information Processing \& Management},
  volume={46},
  number={6},
  pages={679--692},
  year={2010},
  publisher={Elsevier}
}

@inproceedings{morris2010people,
  title={What do people ask their social networks, and why?: a survey study of status message q\&a behavior},
  author={Morris, Meredith Ringel and Teevan, Jaime and Panovich, Katrina},
  booktitle={Proceedings of the SIGCHI conference on Human factors in computing systems},
  pages={1739--1748},
  year={2010},
  organization={ACM}
}

@inproceedings{li2012analyzing,
  title={Analyzing and predicting question quality in community question answering services},
  author={Li, Baichuan and Jin, Tan and Lyu, Michael R and King, Irwin and Mak, Barley},
  booktitle={Proceedings of the 21st International Conference on World Wide Web},
  pages={775--782},
  year={2012},
  organization={ACM}
}


@article{baltadzhieva2015question,
  title={Question quality in community question answering forums: a survey},
  author={Baltadzhieva, Antoaneta and Chrupa{\l}a, Grzegorz},
  journal={Acm Sigkdd Explorations Newsletter},
  volume={17},
  number={1},
  pages={8--13},
  year={2015},
  publisher={ACM}
}

@inproceedings{wang2013wisdom,
  title={Wisdom in the social crowd: an analysis of quora},
  author={Wang, Gang and Gill, Konark and Mohanlal, Manish and Zheng, Haitao and Zhao, Ben Y},
  booktitle={Proceedings of the 22nd international conference on World Wide Web},
  pages={1341--1352},
  year={2013},
  organization={ACM}
}

@article{ovadia2011quora,
  title={Quora. com: another place for users to ask questions},
  author={Ovadia, Steven},
  journal={Behavioral \& Social Sciences Librarian},
  volume={30},
  number={3},
  pages={176--180},
  year={2011},
  publisher={Taylor \& Francis}
}

@book{moe2014social,
  title={Social media intelligence},
  author={Moe, Wendy W and Schweidel, David A},
  year={2014},
  publisher={Cambridge University Press}
}

@article{murphy2011twitter,
  title={Twitter feeds and Google search query surveillance: can they supplement survey data collection},
  author={Murphy, Joe and Kim, Annice and Hagood, Heather and Richards, Ashley and Augustine, Cynthia and Kroutil, Larry and Sage, Adam},
  journal={Shifting the Boundaries of Research},
  volume={228},
  year={2011}
}

@inproceedings{johansson2012estimating,
  title={Estimating citizen alertness in crises using social media monitoring and analysis},
  author={Johansson, Fredrik and Brynielsson, Joel and Quijano, Maribel Narganes},
  booktitle={Intelligence and Security Informatics Conference (EISIC), 2012 European},
  pages={189--196},
  year={2012},
  organization={IEEE}
}

@techreport{mayfield2011commander,
  title={A commander's strategy for social media},
  author={Mayfield III, Thomas D},
  year={2011},
  institution={ARMY EUROPE AND SEVENTH ARMY APO NEW YORK 09403}
}

@article{stavrakantonakis2012approach,
  title={An approach for evaluation of social media monitoring tools},
  author={Stavrakantonakis, Ioannis and Gagiu, Andreea-Elena and Kasper, Harriet and Toma, Ioan and Thalhammer, Andreas},
  journal={Common Value Management},
  volume={52},
  number={1},
  pages={52--64},
  year={2012}
}

@inproceedings{taxogen,
  title={TaxonGen: Constructing Topical Concept Taxonomy by Adaptive Term Embedding and Clustering},
  author={Chao Zhang et.al.},
  booktitle={WSDM'18},
  year={2018},
  organization={SIAM}
}

@inproceedings{hearst1992automatic,
  title={Automatic acquisition of hyponyms from large text corpora},
  author={Hearst, Marti A},
  booktitle={Proceedings of the 14th conference on Computational linguistics-Volume 2},
  pages={539--545},
  year={1992},
  organization={Association for Computational Linguistics}
}

@inproceedings{wu2012probase,
  title={Probase: A probabilistic taxonomy for text understanding},
  author={Wu, Wentao and Li, Hongsong and Wang, Haixun and Zhu, Kenny Q},
  booktitle={Proceedings of the 2012 ACM SIGMOD International Conference on Management of Data},
  pages={481--492},
  year={2012},
  organization={ACM}
}

@article{gruber1995toward,
  title={Toward principles for the design of ontologies used for knowledge sharing?},
  author={Gruber, Thomas R},
  journal={International journal of human-computer studies},
  volume={43},
  number={5-6},
  pages={907--928},
  year={1995},
  publisher={Elsevier}
}

@inproceedings{unec,
  title={unsupervised neural categorization for scientific publications},
  author={Li, Keqian  and Zha, Hanwen and Su, Yu and Yan, Xifeng},
  booktitle={Proceedings of the 2018 SIAM conference on Data Mining},
  year={2018},
  organization={SIAM}
}

@inproceedings{liu2015mining,
  title={Mining quality phrases from massive text corpora},
  author={Liu, Jialu and Shang, Jingbo and Wang, Chi and Ren, Xiang and Han, Jiawei},
  booktitle={Proceedings of the 2015 ACM SIGMOD International Conference on Management of Data},
  pages={1729--1744},
  year={2015},
  organization={ACM}
}

@article{shang2017automated,
  title={Automated Phrase Mining from Massive Text Corpora},
  author={Shang, Jingbo and Liu, Jialu and Jiang, Meng and Ren, Xiang and Voss, Clare R and Han, Jiawei},
  journal={arXiv preprint arXiv:1702.04457},
  year={2017}
}

@inproceedings{boudin2016pke,
  title={pke: an open source python-based keyphrase extraction toolkit.},
  author={Boudin, Florian},
  booktitle={COLING (Demos)},
  pages={69--73},
  year={2016}
}

@inproceedings{hasan2014automatic,
  title={Automatic Keyphrase Extraction: A Survey of the State of the Art.},
  author={Hasan, Kazi Saidul and Ng, Vincent},
  booktitle={ACL (1)},
  pages={1262--1273},
  year={2014}
}

@article{nadeau2007survey,
  title={A survey of named entity recognition and classification},
  author={Nadeau, David and Sekine, Satoshi},
  journal={Lingvisticae Investigationes},
  volume={30},
  number={1},
  pages={3--26},
  year={2007},
  publisher={John Benjamins publishing company}
}

@article{lample2016neural,
  title={Neural architectures for named entity recognition},
  author={Lample, Guillaume and Ballesteros, Miguel and Subramanian, Sandeep and Kawakami, Kazuya and Dyer, Chris},
  journal={arXiv preprint arXiv:1603.01360},
  year={2016}
}

@article{MCCD2013,
  author    = {Tomas Mikolov and
               Kai Chen and
               Greg Corrado and
               Jeffrey Dean},
  title     = {Efficient Estimation of Word Representations in Vector Space},
  journal   = {Arxiv},
  volume    = {abs/1301.3781},
  year      = {2013},
}

@INPROCEEDINGS{Hochreiter97,
	author = {Hochreiter, Sepp and Schmidhuber, Jurgen},
	booktitle = {Neural computation},
	title = {Long short-term memory},
	year = {1997},
}

@inproceedings{sinha2015overview,
  title={An overview of microsoft academic service (mas) and applications},
  author={Sinha, Arnab and Shen, Zhihong and Song, Yang and Ma, Hao and Eide, Darrin and Hsu, Bo-june Paul and Wang, Kuansan},
  booktitle={Proceedings of the 24th international conference on world wide web},
  pages={243--246},
  year={2015},
  organization={ACM}
}

@inproceedings{xiong2017explicit,
  title={Explicit Semantic Ranking for Academic Search via Knowledge Graph Embedding},
  author={Xiong, Chenyan and Power, Russell and Callan, Jamie},
  booktitle={Proceedings of the 26th International Conference on World Wide Web},
  pages={1271--1279},
  year={2017},
  organization={International World Wide Web Conferences Steering Committee}
}

@inproceedings{giles1998citeseer,
  title={CiteSeer: An automatic citation indexing system},
  author={Giles, C Lee and Bollacker, Kurt D and Lawrence, Steve},
  booktitle={Proceedings of the third ACM conference on Digital libraries},
  pages={89--98},
  year={1998},
  organization={ACM}
}

@article{tuarob2016algorithmseer,
  title={AlgorithmSeer: A system for extracting and searching for algorithms in scholarly big data},
  author={Tuarob, Suppawong and Bhatia, Sumit and Mitra, Prasenjit and Giles, C Lee},
  journal={IEEE Transactions on Big Data},
  volume={2},
  number={1},
  pages={3--17},
  year={2016},
  publisher={IEEE}
}

@inproceedings{hearst2003simple,
  author    = {Ariel S. Schwartz and
               Marti A. Hearst},
  title     = {A Simple Algorithm for Identifying Abbreviation Definitions in Biomedical
               Text},
  booktitle = {Proceedings of the 8th Pacific Symposium on Biocomputing, {PSB} 2003,
               Lihue, Hawaii, USA, January 3-7, 2003},
  pages     = {451--462},
  year      = {2003},
}

@inproceedings{siddiqui2016facetgist,
  title={FacetGist: Collective Extraction of Document Facets in Large Technical Corpora},
  author={Siddiqui, Tarique and Ren, Xiang and Parameswaran, Aditya and Han, Jiawei},
  booktitle={Proceedings of the 25th ACM International on Conference on Information and Knowledge Management},
  pages={871--880},
  year={2016},
  organization={ACM}
}


@inproceedings{ren2015clustype,
  title={Clustype: Effective entity recognition and typing by relation phrase-based clustering},
  author={Ren, Xiang and El-Kishky, Ahmed and Wang, Chi and Tao, Fangbo and Voss, Clare R and Han, Jiawei},
  booktitle={Proceedings of the 21th ACM SIGKDD International Conference on Knowledge Discovery and Data Mining},
  pages={995--1004},
  year={2015},
  organization={ACM}
}

@manual{ware2015stm,
  title={The {STM} report: An overview of scientific and scholarly journal publishing},
  author={Ware, Mark and Mabe, Michael},
  year={2015},
}

@article{sutton2017popularity,
  title={Popularity of arXiv. org within Computer Science},
  author={Sutton, Charles and Gong, Linan},
  journal={arXiv preprint arXiv:1710.05225},
  year={2017}
}

@inproceedings{tang2016aminer,
  title={AMiner: mining deep knowledge from big scholar data},
  author={Tang, Jie},
  booktitle={Proceedings of the 25th international conference companion on world wide web},
  pages={373--373},
  year={2016},
  organization={International World Wide Web Conferences Steering Committee}
}

@inproceedings{li2006citeseerx,
  title={CiteSeerx: an architecture and web service design for an academic document search engine},
  author={Li, Huajing and Councill, Isaac and Lee, Wang-Chien and Giles, C Lee},
  booktitle={Proceedings of the 15th international conference on World Wide Web},
  pages={883--884},
  year={2006},
  organization={ACM}
}

@article{nadeau2007survey,
  title={A survey of named entity recognition and classification},
  author={Nadeau, David and Sekine, Satoshi},
  journal={Lingvisticae Investigationes},
  volume={30},
  number={1},
  pages={3--26},
  year={2007},
  publisher={John Benjamins publishing company}
}


@inproceedings{zhou2002named,
  title={Named entity recognition using an HMM-based chunk tagger},
  author={Zhou, GuoDong and Su, Jian},
  booktitle={proceedings of the 40th Annual Meeting on Association for Computational Linguistics},
  pages={473--480},
  year={2002},
  organization={Association for Computational Linguistics}
}

@inproceedings{ren2016automatic,
  title={Automatic Entity Recognition and Typing in Massive Text Data},
  author={Ren, Xiang and El-Kishky, Ahmed and Ji, Heng and Han, Jiawei},
  booktitle={Proceedings of the 2016 International Conference on Management of Data},
  pages={2235--2239},
  year={2016},
  organization={ACM}
}

@inproceedings{banko2007open,
  title={Open Information Extraction from the Web.},
  author={Banko, Michele and Cafarella, Michael J and Soderland, Stephen and Broadhead, Matthew and Etzioni, Oren},
  booktitle={IJCAI},
  volume={7},
  pages={2670--2676},
  year={2007}
}


@article{ma2016end,
  title={End-to-end sequence labeling via bi-directional lstm-cnns-crf},
  author={Ma, Xuezhe and Hovy, Eduard},
  journal={arXiv preprint arXiv:1603.01354},
  year={2016}
}


@inproceedings{yang2013community,
  title={Community detection in networks with node attributes},
  author={Yang, Jaewon and McAuley, Julian and Leskovec, Jure},
  booktitle={Data Mining (ICDM), 2013 IEEE 13th international conference on},
  pages={1151--1156},
  year={2013},
  organization={IEEE}
}

@article{augenstein2017semeval,
  title={SemEval 2017 Task 10: ScienceIE-Extracting Keyphrases and Relations from Scientific Publications},
  author={Augenstein, Isabelle and Das, Mrinal and Riedel, Sebastian and Vikraman, Lakshmi and McCallum, Andrew},
  journal={arXiv preprint arXiv:1704.02853},
  year={2017}
}


@article{pdffigures2,
     title = {PDFFigures 2.0: Mining Figures from Research Papers},
     author = {Christopher Clark and Santosh Divvala},
     booktitle = {JCDL},
     year = {2016}
}

@inproceedings{zeng2015distant,
  author    = {Daojian Zeng and
               Kang Liu and
               Yubo Chen and
               Jun Zhao},
  title     = {Distant Supervision for Relation Extraction via Piecewise Convolutional
               Neural Networks},
  booktitle = {Proceedings of the 2015 Conference on Empirical Methods in Natural
               Language Processing, {EMNLP} 2015, Lisbon, Portugal, September 17-21,
               2015},
  pages     = {1753--1762},
  year      = {2015}
}

@inproceedings{mintz2009distant,
  author    = {Mike Mintz and
               Steven Bills and
               Rion Snow and
               Daniel Jurafsky},
  title     = {Distant supervision for relation extraction without labeled data},
  booktitle = {{ACL} 2009, Proceedings of the 47th Annual Meeting of the Association
               for Computational Linguistics and the 4th International Joint Conference
               on Natural Language Processing of the AFNLP, 2-7 August 2009, Singapore},
  pages     = {1003--1011},
  year      = {2009}
}

@article{EvansKP10,
  author    = {Brynn M. Evans and
               Sanjay Kairam and
               Peter Pirolli},
  title     = {Do your friends make you smarter?: An analysis of social strategies
               in online information seeking},
  journal   = {Inf. Process. Manage.},
  year      = {2010},
}


@inproceedings{zaheer2017deep,
  title={Deep sets},
  author={Zaheer, Manzil and Kottur, Satwik and Ravanbakhsh, Siamak and Poczos, Barnabas and Salakhutdinov, Ruslan R and Smola, Alexander J},
  booktitle={Advances in Neural Information Processing Systems},
  pages={3391--3401},
  year={2017}
}

@incollection{rokach2005clustering,
  title={Clustering methods},
  author={Rokach, Lior and Maimon, Oded},
  booktitle={Data mining and knowledge discovery handbook},
  pages={321--352},
  year={2005},
  publisher={Springer}
}

%%%
% This file was created with JabRef 2.9.2.
% Encoding: Cp1252

@string{WWW = "Proceedings of the International Conference on World Wide Web"}
@string{KDD = "Proceedings of the ACM SIGKDD Conference on Knowledge Discovery and Data Mining"}
@string{ICBM = "Proceedings of the International Conference on Information and Knowledge Management"}
@string{VLDB = "Proceedings of the VLDB Endowment"}
@string{SIGMOD = "Proceedings of the ACM SIGMOD International conference on Management of data"}

@string{ACL = "Proceedings of the Annual Meeting of the Association for Computational Linguistics"}
@string{EMNLP = "Proceedings of Conference on Empirical Methods in Natural Language Processing"}
@string{NAACL = "Proceedings of the Annual Conference of the North American Chapter of the Association for Computational Linguistics"}
@string{TACL = "Transactions of the Association for Computational Linguistics"}
@string{COLING = "Proceedings of the International Conference on Computational Linguistics"}
@string{INTERSPEECH = "Proceedings of the Annual Conference of the International Speech Communication Association"}

@string{NIPS = "Proceedings of the Annual Conference on Neural Information Processing Systems"}
@string{ICML = "Proceedings of the International Conference on Machine Learning"}
@string{AISTATS = "Proceedings of the International Conference on Artificial Intelligence and Statistics"}
@string{UAI = "Proceedings of the Conference on Uncertainty in Artificial Intelligence"}
@string{AAAI = "Proceedings of the AAAI Conference on Artificial Intelligence"}

@string{ICCV = "Proceedings of the IEEE International Conference on Computer Vision"}

@article{firth1957synopsis,
  title={A synopsis of linguistic theory, 1930-1955},
  author={Firth, John R},
  journal={Studies in linguistic analysis},
  year={1957},
  publisher={Basil Blackwell}
}

@article{li2018poqaa,
  title={PoQaa: Text Mining and Knowledge Sharing for Scientific Publications},
  author={Li, Keqian and Zhang, Ping and Liu, Honglei and Zha, Hanwen and Yan, Xifeng},
  howpublished = "\url{http://aiweb.techfak.uni-bielefeld.de/content/bworld-robot-control-software/}",
  year={2018}
}

@article{grave2016efficient,
  title={Efficient softmax approximation for GPUs},
  author={Grave, Edouard and Joulin, Armand and Ciss{\'e}, Moustapha and Grangier, David and J{\'e}gou, Herv{\'e}},
  journal={arXiv preprint arXiv:1609.04309},
  year={2016}
}

@inproceedings{dalvi2009web,
  title={A web of concepts},
  author={Dalvi, Nilesh and Kumar, Ravi and Pang, Bo and Ramakrishnan, Raghu and Tomkins, Andrew and Bohannon, Philip and Keerthi, Sathiya and Merugu, Srujana},
  booktitle={Proceedings of the twenty-eighth ACM SIGMOD-SIGACT-SIGART symposium on Principles of database systems},
  pages={1--12},
  year={2009},
}

@inproceedings{DBLP:conf/acl/MiwaB16,
  title={End-to-End Relation Extraction using LSTMs on Sequences and Tree Structures},
  author={Miwa, Makoto and Bansal, Mohit},
  booktitle={Proceedings of the 54th Annual Meeting of the Association for Computational Linguistics (Volume 1: Long Papers)},
  volume={1},
  pages={1105--1116},
  year={2016}
}

@article{parameswaran2010towards,
  title={Towards the web of concepts: Extracting concepts from large datasets},
  author={Parameswaran, Aditya and Garcia-Molina, Hector and Rajaraman, Anand},
  journal={Proceedings of the VLDB Endowment},
  volume={3},
  number={1-2},
  pages={566--577},
  year={2010},
  publisher={VLDB Endowment}
}

@article{navigli2012babelnet,
  title={BabelNet: The automatic construction, evaluation and application of a wide-coverage multilingual semantic network},
  author={Navigli, Roberto and Ponzetto, Simone Paolo},
  journal={Artificial Intelligence},
  volume={193},
  pages={217--250},
  year={2012},
  publisher={Elsevier Science Publishers Ltd.}
}

@article{justeson1995technical,
  title={Technical terminology: some linguistic properties and an algorithm for identification in text},
  author={Justeson, John S and Katz, Slava M},
  journal={Natural language engineering},
  volume={1},
  number={1},
  pages={9--27},
  year={1995},
  publisher={Cambridge University Press}
}

@inproceedings{mendes2011dbpedia,
  title={DBpedia spotlight: shedding light on the web of documents},
  author={Mendes, Pablo N and Jakob, Max and Garc{\'\i}a-Silva, Andr{\'e}s and Bizer, Christian},
  booktitle={Proceedings of the 7th international conference on semantic systems},
  pages={1--8},
  year={2011},
}

@article{hachey2013evaluating,
  title={Evaluating entity linking with Wikipedia},
  author={Hachey, Ben and Radford, Will and Nothman, Joel and Honnibal, Matthew and Curran, James R},
  journal={Artificial intelligence},
  volume={194},
  pages={130--150},
  year={2013},
  publisher={Elsevier}
}

@inproceedings{gottron2011insights,
  title={Insights into explicit semantic analysis},
  author={Gottron, Thomas and Anderka, Maik and Stein, Benno},
  booktitle={Proceedings of the 20th ACM international conference on Information and knowledge management},
  pages={1961--1964},
  year={2011},
}

@inproceedings{song2015open,
  title={Open Domain Short Text Conceptualization: A Generative+ Descriptive Modeling Approach.},
  author={Song, Yangqiu and Wang, Shusen and Wang, Haixun},
  booktitle={IJCAI},
  pages={3820--3826},
  year={2015}
}

@inproceedings{song2011short,
  title={Short text conceptualization using a probabilistic knowledgebase},
  author={Song, Yangqiu and Wang, Haixun and Wang, Zhongyuan and Li, Hongsong and Chen, Weizhu},
  booktitle={Proceedings of the Twenty-Second international joint conference on Artificial Intelligence-Volume Volume Three},
  pages={2330--2336},
  year={2011},
}

@inproceedings{unec,
  title={Unsupervised Neural Categorization for Scientific Publications},
  author={Li, Keqian and Zha, Hanwen and Su, Yu and Yan, Xifeng},
  booktitle={Proceedings of the 2018 SIAM International Conference on Data Mining},
  pages={37--45},
  year={2018},
}

@inproceedings{xiong2017explicit,
  title={Explicit semantic ranking for academic search via knowledge graph embedding},
  author={Xiong, Chenyan and Power, Russell and Callan, Jamie},
  booktitle={Proceedings of the 26th international conference on world wide web},
  pages={1271--1279},
  year={2017},
}

@inproceedings{taxogen,
  title={TaxonGen: Constructing Topical Concept Taxonomy by Adaptive Term Embedding and Clustering},
  author={Chao Zhang et.al.},
  booktitle={WSDM'18},
  year={2018},
}

@inproceedings{hearst1992automatic,
  title={Automatic acquisition of hyponyms from large text corpora},
  author={Hearst, Marti A},
  booktitle={Proceedings of the 14th conference on Computational linguistics-Volume 2},
  pages={539--545},
  year={1992},
}

@inproceedings{wu2012probase,
  title={Probase: A probabilistic taxonomy for text understanding},
  author={Wu, Wentao and Li, Hongsong and Wang, Haixun and Zhu, Kenny Q},
  booktitle={Proceedings of the 2012 ACM SIGMOD International Conference on Management of Data},
  pages={481--492},
  year={2012},
}

@article{rose2010automatic,
  title={Automatic keyword extraction from individual documents},
  author={Rose, Stuart and Engel, Dave and Cramer, Nick and Cowley, Wendy},
  journal={Text Mining: Applications and Theory},
  pages={1--20},
  year={2010},
  publisher={John Wiley \& Sons, Ltd}
}

@inproceedings{witten1999kea,
  title={KEA: Practical automatic keyphrase extraction},
  author={Witten, Ian H and Paynter, Gordon W and Frank, Eibe and Gutwin, Carl and Nevill-Manning, Craig G},
  booktitle={Proceedings of the fourth ACM conference on Digital libraries},
  pages={254--255},
  year={1999},
}

@inproceedings{mihalcea2004textrank,
  title={Textrank: Bringing order into text},
  author={Mihalcea, Rada and Tarau, Paul},
  booktitle={Proceedings of the 2004 conference on empirical methods in natural language processing},
  year={2004}
}


@inproceedings{suchanek2007yago,
  title={Yago: a core of semantic knowledge},
  author={Suchanek, Fabian M and Kasneci, Gjergji and Weikum, Gerhard},
  booktitle={Proceedings of the 16th international conference on World Wide Web},
  pages={697--706},
  year={2007},
}

@inproceedings{carlson2010toward,
  title={Toward an Architecture for Never-Ending Language Learning.},
  author={Carlson, Andrew and Betteridge, Justin and Kisiel, Bryan and Settles, Burr and Hruschka Jr, Estevam R and Mitchell, Tom M},
  booktitle={AAAI},
  volume={5},
  pages={3},
  year={2010}
}

@inproceedings{ren2017cotype,
  title={CoType: Joint extraction of typed entities and relations with knowledge bases},
  author={Ren, Xiang and Wu, Zeqiu and He, Wenqi and Qu, Meng and Voss, Clare R and Ji, Heng and Abdelzaher, Tarek F and Han, Jiawei},
  booktitle={Proceedings of the 26th International Conference on World Wide Web},
  pages={1015--1024},
  year={2017},
}


@inproceedings{medelyan2006thesaurus,
  title={Thesaurus based automatic keyphrase indexing},
  author={Medelyan, Olena and Witten, Ian H},
  booktitle={Proceedings of the 6th ACM/IEEE-CS joint conference on Digital libraries},
  pages={296--297},
  year={2006},
}

@article{honnibal2017spacy,
  title={spaCy 2: Natural language understanding with Bloom embeddings, convolutional neural networks and incremental parsing},
  author={Honnibal, Matthew and Montani, Ines},
  journal={To appear},
  year={2017}
}

@article{nguyen2007keyphrase,
  title={Keyphrase extraction in scientific publications},
  author={Nguyen, Thuy and Kan, Min-Yen},
  journal={Asian Digital Libraries. Looking Back 10 Years and Forging New Frontiers},
  pages={317--326},
  year={2007},
  publisher={Springer}
}

@inproceedings{roder2014n3,
  title={N$^3$-A Collection of Datasets for Named Entity Recognition and Disambiguation in the NLP Interchange Format.},
  author={R{\"o}der, Michael and Usbeck, Ricardo and Hellmann, Sebastian and Gerber, Daniel and Both, Andreas},
  booktitle={LREC},
  pages={3529--3533},
  year={2014}
}

@article{collobert2011natural,
  title={Natural language processing (almost) from scratch},
  author={Collobert, Ronan and Weston, Jason and Bottou, L{\'e}on and Karlen, Michael and Kavukcuoglu, Koray and Kuksa, Pavel},
  journal={Journal of Machine Learning Research},
  volume={12},
  number={Aug},
  pages={2493--2537},
  year={2011}
}

@inproceedings{hashimoto2008construction,
  title={Construction of an idiom corpus and its application to idiom identification based on WSD incorporating idiom-specific features},
  author={Hashimoto, Chikara and Kawahara, Daisuke},
  booktitle={Proceedings of the conference on empirical methods in natural language processing},
  pages={992--1001},
  year={2008},
}

@inproceedings{sporleder2009unsupervised,
  title={Unsupervised recognition of literal and non-literal use of idiomatic expressions},
  author={Sporleder, Caroline and Li, Linlin},
  booktitle={Proceedings of the 12th Conference of the European Chapter of the Association for Computational Linguistics},
  pages={754--762},
  year={2009},
}

@inproceedings{pecina2006combining,
  title={Combining association measures for collocation extraction},
  author={Pecina, Pavel and Schlesinger, Pavel},
  booktitle={Proceedings of the COLING/ACL on Main conference poster sessions},
  pages={651--658},
  year={2006},
}

@article{baldwin2010multiword,
  title={Multiword Expressions.},
  author={Baldwin, Timothy and Kim, Su Nam},
  journal={Handbook of natural language processing},
  volume={2},
  pages={267--292},
  year={2010}
}


@article{huang2015bidirectional,
  title={Bidirectional LSTM-CRF models for sequence tagging},
  author={Huang, Zhiheng and Xu, Wei and Yu, Kai},
  journal={arXiv preprint arXiv:1508.01991},
  year={2015}
}

@article{zhang2008comparative,
  title={A comparative evaluation of term recognition algorithms},
  author={Zhang, Ziqi and Iria, Jos{\'e} and Brewster, Christopher and Ciravegna, Fabio},
  year={2008}
}

@article{beliga2015overview,
  title={An overview of graph-based keyword extraction methods and approaches},
  author={Beliga, Slobodan and Me{\v{s}}trovi{\'c}, Ana and Martin{\v{c}}i{\'c}-Ip{\v{s}}i{\'c}, Sanda},
  journal={Journal of information and organizational sciences},
  volume={39},
  number={1},
  pages={1--20},
  year={2015},
  publisher={Fakultet organizacije i informatike Sveu{\v{c}}ili{\v{s}}ta u Zagrebu}
}

@inproceedings{facetgist,
  title={FacetGist: Collective Extraction of Document Facets in Large Technical Corpora},
  author={Siddiqui, Tarique and Ren, Xiang and Parameswaran, Aditya and Han, Jiawei},
  booktitle={Proceedings of the 25th ACM International on Conference on Information and Knowledge Management},
  pages={871--880},
  year={2016},
}

@article{collobert2011natural,
  title={Natural language processing (almost) from the},
  author={Collobert, Ronan and Weston, Jason and Bottou, L{\'e}on and Karlen, Michael and Kavukcuoglu, Koray and Kuksa, Pavel},
  journal={Journal of Machine Learning Research},
  volume={12},
  number={Aug},
  pages={2493--2537},
  year={2011}
}

@article{navigli2009word,
  title={Word sense disambiguation: A survey},
  author={Navigli, Roberto},
  journal={ACM Computing Surveys (CSUR)},
  volume={41},
  number={2},
  pages={10},
  year={2009},
  publisher={ACM}
}

@inproceedings{tjong2003introduction,
  title={Introduction to the CoNLL-2003 shared task: Language-independent named entity recognition},
  author={Tjong Kim Sang, Erik F and De Meulder, Fien},
  booktitle={Proceedings of the seventh conference on Natural language learning at HLT-NAACL 2003-Volume 4},
  pages={142--147},
  year={2003},
}

@article{tseng2002automatic,
  title={Automatic thesaurus generation for Chinese documents},
  author={Tseng, Yuen-Hsien},
  journal={Journal of the Association for Information Science and Technology},
  volume={53},
  number={13},
  pages={1130--1138},
  year={2002},
  publisher={Wiley Online Library}
}

@inproceedings{banko2007open,
  title={Open information extraction from the web},
  author={Banko, Michele and Cafarella, Michael J and Soderland, Stephen and Broadhead, Matt and Etzioni, Oren},
  booktitle={Proceedings of the 20th international joint conference on Artifical intelligence},
  pages={2670--2676},
  year={2007},
}

@article{nadeau2007survey,
  title={A survey of named entity recognition and classification},
  author={Nadeau, David and Sekine, Satoshi},
  journal={Lingvisticae Investigationes},
  volume={30},
  number={1},
  pages={3--26},
  year={2007},
  publisher={John Benjamins publishing company}
}

@inproceedings{hasan2010conundrums,
  title={Conundrums in unsupervised keyphrase extraction: making sense of the state-of-the-art},
  author={Hasan, Kazi Saidul and Ng, Vincent},
  booktitle={Proceedings of the 23rd International Conference on Computational Linguistics: Posters},
  pages={365--373},
  year={2010},
}

@inproceedings{levy2014dependency,
  title={Dependency-based word embeddings},
  author={Levy, Omer and Goldberg, Yoav},
  booktitle={Proceedings of the 52nd Annual Meeting of the Association for Computational Linguistics (Volume 2: Short Papers)},
  volume={2},
  pages={302--308},
  year={2014}
}

@article{roy2016using,
  title={Using word embeddings for automatic query expansion},
  author={Roy, Dwaipayan and Paul, Debjyoti and Mitra, Mandar and Garain, Utpal},
  journal={arXiv preprint arXiv:1606.07608},
  year={2016}
}

@article{diaz2016query,
  title={Query expansion with locally-trained word embeddings},
  author={Diaz, Fernando and Mitra, Bhaskar and Craswell, Nick},
  journal={arXiv preprint arXiv:1605.07891},
  year={2016}
}


@article{hachey2013evaluating,
  title={Evaluating entity linking with Wikipedia},
  author={Hachey, Ben and Radford, Will and Nothman, Joel and Honnibal, Matthew and Curran, James R},
  journal={Artificial intelligence},
  volume={194},
  pages={130--150},
  year={2013},
  publisher={Elsevier}
}

@inproceedings{ren2016automatic,
  title={Automatic Entity Recognition and Typing in Massive Text Data},
  author={Ren, Xiang and El-Kishky, Ahmed and Ji, Heng and Han, Jiawei},
  booktitle={Proceedings of the 2016 International Conference on Management of Data},
  pages={2235--2239},
  year={2016},
}



@article{autophrase,
  title={Automated phrase mining from massive text corpora},
  author={Shang, Jingbo and Liu, Jialu and Jiang, Meng and Ren, Xiang and Voss, Clare R and Han, Jiawei},
  journal={IEEE Transactions on Knowledge and Data Engineering},
  year={2018},
  publisher={IEEE}
}

@inproceedings{segphrase,
  title={Mining quality phrases from massive text corpora},
  author={Liu, Jialu and Shang, Jingbo and Wang, Chi and Ren, Xiang and Han, Jiawei},
  booktitle={Proceedings of the 2015 ACM SIGMOD International Conference on Management of Data},
  pages={1729--1744},
  year={2015},
}

@inproceedings{jiang2017metapad,
  title={MetaPAD: Meta Pattern Discovery from Massive Text Corpora},
  author={Jiang, Meng and Shang, Jingbo and Cassidy, Taylor and Ren, Xiang and Kaplan, Lance M and Hanratty, Timothy P and Han, Jiawei},
  booktitle={Proceedings of the 23rd ACM SIGKDD International Conference on Knowledge Discovery and Data Mining},
  pages={877--886},
  year={2017},
}

@inproceedings{ren2015clustype,
  title={Clustype: Effective entity recognition and typing by relation phrase-based clustering},
  author={Ren, Xiang and El-Kishky, Ahmed and Wang, Chi and Tao, Fangbo and Voss, Clare R and Han, Jiawei},
  booktitle={Proceedings of the 21th ACM SIGKDD International Conference on Knowledge Discovery and Data Mining},
  pages={995--1004},
  year={2015},
}

@article{wainwright2008graphical,
  title={Graphical models, exponential families, and variational inference},
  author={Wainwright, Martin J and Jordan, Michael I and others},
  journal={Foundations and Trends{\textregistered} in Machine Learning},
  volume={1},
  number={1--2},
  pages={1--305},
  year={2008},
  publisher={Now Publishers, Inc.}
}

@article{madeira2004biclustering,
  title={Biclustering algorithms for biological data analysis: a survey},
  author={Madeira, Sara C and Oliveira, Arlindo L},
  journal={IEEE/ACM Transactions on Computational Biology and Bioinformatics (TCBB)},
  volume={1},
  number={1},
  pages={24--45},
  year={2004},
  publisher={IEEE Computer Society Press}
}

@article{bengio2013representation,
  title={Representation learning: A review and new perspectives},
  author={Bengio, Yoshua and Courville, Aaron and Vincent, Pascal},
  journal={IEEE transactions on pattern analysis and machine intelligence},
  volume={35},
  number={8},
  pages={1798--1828},
  year={2013},
  publisher={IEEE}
}

@inproceedings{levy2014neural,
  title={Neural word embedding as implicit matrix factorization},
  author={Levy, Omer and Goldberg, Yoav},
  booktitle={Advances in neural information processing systems},
  pages={2177--2185},
  year={2014}
}

@inproceedings{levy2014linguistic,
  title={Linguistic regularities in sparse and explicit word representations},
  author={Levy, Omer and Goldberg, Yoav},
  booktitle={Proceedings of the eighteenth conference on computational natural language learning},
  pages={171--180},
  year={2014}
}


@inproceedings{yang2016hierarchical,
  title={Hierarchical attention networks for document classification},
  author={Yang, Zichao and Yang, Diyi and Dyer, Chris and He, Xiaodong and Smola, Alex and Hovy, Eduard},
  booktitle={Proceedings of NAACL-HLT},
  pages={1480--1489},
  year={2016}
}

@article{ware2015stm,
  title={The {STM} report: An overview of scientific and scholarly journal publishing},
  author={Ware, Mark and Mabe, Michael},
  year={2015}
}

@article{sutton2017popularity,
  title={Popularity of arXiv. org within Computer Science},
  author={Sutton, Charles and Gong, Linan},
  journal={arXiv preprint arXiv:1710.05225},
  year={2017}
}

@article{bengio2003neural,
  title={A neural probabilistic language model},
  author={Bengio, Yoshua and Ducharme, R{\'e}jean and Vincent, Pascal and Jauvin, Christian},
  journal={Journal of machine learning research},
  volume={3},
  number={Feb},
  pages={1137--1155},
  year={2003}
}

@inproceedings{mikolov2013distributed,
    title          = {Distributed representations of words and phrases and their compositionality},
    author      = {Mikolov, Tomas and Sutskever, Ilya and Chen, Kai and Corrado, Greg S and Dean, Jeff},
    booktitle   = NIPS,
    year         = {2013}
}

@inproceedings{mnih2013learning,
  title={Learning word embeddings efficiently with noise-contrastive estimation},
  author={Mnih, Andriy and Kavukcuoglu, Koray},
  booktitle={Advances in neural information processing systems},
  pages={2265--2273},
  year={2013}
}

@inproceedings{pennington2014glove,
  title={Glove: Global Vectors for Word Representation},
  author={Pennington, Jeffrey and Socher, Richard and Manning, Christopher D},
  booktitle=EMNLP,
  year={2014}
}


@article{bengio2009learning,
  title={Learning deep architectures for AI},
  author={Bengio, Yoshua and others},
  journal={Foundations and trends{\textregistered} in Machine Learning},
  volume={2},
  number={1},
  pages={1--127},
  year={2009},
  publisher={Now Publishers, Inc.}
}

@article{gardner1998artificial,
    title={Artificial neural networks (the multilayer perceptron)—a review of applications in the atmospheric sciences},
    author={Gardner, Matt W and Dorling, SR},
     journal={Atmospheric environment},
     volume={32},
     number={14},
     pages={2627--2636},
     year={1998},
     publisher={Elsevier} }
     
@article{frantzi2000automatic,
  title={Automatic recognition of multi-word terms:. the c-value/nc-value method},
  author={Frantzi, Katerina and Ananiadou, Sophia and Mima, Hideki},
  journal={International Journal on Digital Libraries},
  volume={3},
  number={2},
  pages={115--130},
  year={2000},
  publisher={Springer}
}

@article{evert2010distributional,
  title={Distributional semantic models},
  author={Evert, Stefan},
  journal={NAACL HLT 2010 Tutorial Abstracts},
  pages={15--18},
  year={2010}
}

@article{harris1954distributional,
  title={Distributional structure},
  author={Harris, Zellig S},
  journal={Word},
  volume={10},
  number={2-3},
  pages={146--162},
  year={1954},
  publisher={Taylor \& Francis}
}

@article{hill2015simlex,
  title={Simlex-999: Evaluating semantic models with (genuine) similarity estimation},
  author={Hill, Felix and Reichart, Roi and Korhonen, Anna},
  journal={Computational Linguistics},
  volume={41},
  number={4},
  pages={665--695},
  year={2015},
  publisher={MIT Press}
}

@article{bruni2014multimodal,
  title={Multimodal distributional semantics},
  author={Bruni, Elia and Tran, Nam-Khanh and Baroni, Marco},
  journal={J. Artif. Intell. Res.(JAIR)},
  volume={49},
  number={2014},
  pages={1--47},
  year={2014}
}

@book{jackendoff1997architecture,
  title={The architecture of the language faculty},
  author={Jackendoff, Ray},
  number={28},
  year={1997},
  publisher={MIT Press}
}

@article{garey1979computers,
  title={Computers and intractability: A guide to the theory of npcompleteness (series of books in the mathematical sciences), ed},
  author={Garey, Michael R and Johnson, David S},
  journal={Computers and Intractability},
  pages={340},
  year={1979}
}
@article{constant2017multiword,
  title={Multiword expression processing: a survey},
  author={Constant, Mathieu and Eryi{\u{g}}it, G{\"u}l{\c{s}}en and Monti, Johanna and Van Der Plas, Lonneke and Ramisch, Carlos and Rosner, Michael and Todirascu, Amalia},
  journal={Computational Linguistics},
  volume={43},
  number={4},
  pages={837--892},
  year={2017},
  publisher={MIT Press}
}